@misc{cite1,
	author = {Mathieu Nebar},
    title = {Apprenez à créer votre site web avec HTML5 et CSS3},
   	url = {\href{<https://openclassrooms.com/courses/apprenez-a-creer-			votre-site-web-avec-html5-et-css3>}{https://openclassrooms.com/}},
    year = 2018,
    note = "[Online; OpenClassRoom]"
}

@misc{cite2,
	author = {Emily Reese},
    title = {Découper et intégrer une maquette},
   	url = {\href{<https://openclassrooms.com/courses/apprenez-a-creer-				votre-site-web-avec-html5-et-css3>}{https://openclassrooms.com/}},
    year = 2017,
    note = "[Online; OpenClassRoom]"
}

@misc{cite3,
	author = {jQuery},
    title = {La biblioteque jQuery},
   	url = {\url{<https://jquery.com/>}},
    year = 2018,
}

@misc{cite4,
	author = {Bootstrap},
    title = {Bootstrap Doucumentation},
   	url = {\url{<https://getbootstrap.com/docs/4.1/getting-started/introduction/>}},
    year = 2018,
}

@article{cite6,
	author = {Benoit Gaillat},
    title = {Devenir mobile first doit être votre objectif en 2018 !},
    year = {2018},
    publisher = {http://mobibot.io}
}
@misc{cite7,
	author = {sharelatex},
    title = {LaTex Doucumentation},
   	url = {\url{<https://www.sharelatex.com/learn/Main_Page>}},
    year = 2018,
}
@book{cite10,
	author = {wikibooks},
    title = {LaTeX Wikibook},
    year = {2018},
    url = {https://en.wikibooks.org/wiki/LaTeX}
}